@article{carlone2016slam-survey,
  title={Past, present, and future of simultaneous localization and mapping: Toward the robust-perception age},
  author={Cadena, Cesar and Carlone, Luca and Carrillo, Henry and Latif, Yasir and Scaramuzza, Davide and Neira, Jos{\'e} and Reid, Ian and Leonard, John J},
  journal={IEEE Transactions on Robotics},
  volume={32},
  number={6},
  pages={1309--1332},
  year={2016},
  publisher={IEEE}
}

@article{durrant2006simultaneous,
  title={Simultaneous localization and mapping: part I},
  author={Durrant-Whyte, Hugh and Bailey, Tim},
  journal={IEEE robotics \& automation magazine},
  volume={13},
  number={2},
  pages={99--110},
  year={2006},
  publisher={IEEE}
}

@article{bailey2006simultaneous,
  title={Simultaneous localization and mapping (SLAM): Part II},
  author={Bailey, Tim and Durrant-Whyte, Hugh},
  journal={IEEE Robotics \& Automation Magazine},
  volume={13},
  number={3},
  pages={108--117},
  year={2006},
  publisher={IEEE}
}

@article{grisetti2010tutorial,
  title={A tutorial on graph-based SLAM},
  author={Grisetti, Giorgio and Kummerle, Rainer and Stachniss, Cyrill and Burgard, Wolfram},
  journal={IEEE Intelligent Transportation Systems Magazine},
  volume={2},
  number={4},
  pages={31--43},
  year={2010},
  publisher={IEEE}
}

@article{thrun1998probabilistic,
  title={A probabilistic approach to concurrent mapping and localization for mobile robots},
  author={Thrun, Sebastian and Burgard, Wolfram and Fox, Dieter},
  journal={Autonomous Robots},
  volume={5},
  number={3-4},
  pages={253--271},
  year={1998},
  publisher={Springer}
}

@article{lu1997globally,
  title={Globally consistent range scan alignment for environment mapping},
  author={Lu, Feng and Milios, Evangelos},
  journal={Autonomous robots},
  volume={4},
  number={4},
  pages={333--349},
  year={1997},
  publisher={Springer}
}

@article{dissanayake2001solution,
  title={A solution to the simultaneous localization and map building (SLAM) problem},
  author={Dissanayake, MWM Gamini and Newman, Paul and Clark, Steve and Durrant-Whyte, Hugh F and Csorba, Michael},
  journal={IEEE Transactions on robotics and automation},
  volume={17},
  number={3},
  pages={229--241},
  year={2001},
  publisher={IEEE}
}

@inproceedings{leonard1990dynamic,
  title={Dynamic map building for autonomous mobile robot},
  author={Leonard, John and Durrant-Whyte, Hugh and Cox, Ingemar J},
  booktitle={Intelligent Robots and Systems' 90.'Towards a New Frontier of Applications', Proceedings. IROS'90. IEEE International Workshop on},
  pages={89--96},
  year={1990},
  organization={IEEE}
}

@article{dellaert2003mcmc,
  title={EM, MCMC, and chain flipping for structure from motion with unknown correspondence},
  author={Dellaert, Frank and Seitz, Steven M and Thorpe, Charles E and Thrun, Sebastian},
  journal={Machine learning},
  volume={50},
  number={1},
  pages={45--71},
  year={2003},
  publisher={Springer}
}

@article{thrun2001probabilistic,
  title={A probabilistic on-line mapping algorithm for teams of mobile robots},
  author={Thrun, Sebastian},
  journal={The International Journal of Robotics Research},
  volume={20},
  number={5},
  pages={335--363},
  year={2001},
  publisher={SAGE Publications}
}

@inproceedings{montemerlo2002fastslam,
  title={FastSLAM: A factored solution to the simultaneous localization and mapping problem},
  author={Montemerlo, Michael and Thrun, Sebastian and Koller, Daphne and Wegbreit, Ben and others},
  booktitle={Aaai/iaai},
  pages={593--598},
  year={2002}
}

@inproceedings{grisetti2005improving,
  title={Improving grid-based slam with rao-blackwellized particle filters by adaptive proposals and selective resampling},
  author={Grisetti, Giorgio and Stachniss, Cyrill and Burgard, Wolfram},
  booktitle={Robotics and Automation, 2005. ICRA 2005. Proceedings of the 2005 IEEE International Conference on},
  pages={2432--2437},
  year={2005},
  organization={IEEE}
}

@inproceedings{carlone2010rao,
  title={Rao-Blackwellized particle filters multi robot SLAM with unknown initial correspondences and limited communication},
  author={Carlone, Luca and Ng, Miguel Kaouk and Du, Jingjing and Bona, Basilio and Indri, Marina},
  booktitle={Robotics and Automation (ICRA), 2010 IEEE International Conference on},
  pages={243--249},
  year={2010},
  organization={IEEE}
}

@inproceedings{tipaldi2007heterogeneous,
  title={Heterogeneous feature state estimation with rao-blackwellized particle filters},
  author={Tipaldi, Gian Diego and Farinelli, Alessandro and Iocchi, Luca and Nardi, Daniele},
  booktitle={Robotics and Automation, 2007 IEEE International Conference on},
  pages={3850--3855},
  year={2007},
  organization={IEEE}
}

@article{dellaert2006square,
  title={Square Root SAM: Simultaneous localization and mapping via square root information smoothing},
  author={Dellaert, Frank and Kaess, Michael},
  journal={The International Journal of Robotics Research},
  volume={25},
  number={12},
  pages={1181--1203},
  year={2006},
  publisher={Sage Publications Sage CA: Thousand Oaks, CA}
}

@inproceedings{kummerle2011g,
  title={g 2 o: A general framework for graph optimization},
  author={K{\"u}mmerle, Rainer and Grisetti, Giorgio and Strasdat, Hauke and Konolige, Kurt and Burgard, Wolfram},
  booktitle={Robotics and Automation (ICRA), 2011 IEEE International Conference on},
  pages={3607--3613},
  year={2011},
  organization={IEEE}
}

@techreport{dellaert2012gtsam,
  title={Factor graphs and GTSAM: A hands-on introduction},
  author={Dellaert, Frank},
  year={2012},
  institution={Georgia Institute of Technology}
}

@misc{ceres-solver,
  author = "Sameer Agarwal and Keir Mierle and Others",
  title = "Ceres Solver",
  howpublished = "\url{http://ceres-solver.org}",
}

@article{kaess2012isam2,
  title={iSAM2: Incremental smoothing and mapping using the Bayes tree},
  author={Kaess, Michael and Johannsson, Hordur and Roberts, Richard and Ila, Viorela and Leonard, John J and Dellaert, Frank},
  journal={The International Journal of Robotics Research},
  volume={31},
  number={2},
  pages={216--235},
  year={2012},
  publisher={Sage Publications Sage UK: London, England}
}

@article{mur2015orb-slam,
  title={ORB-SLAM: a versatile and accurate monocular SLAM system},
  author={Mur-Artal, Raul and Montiel, Jose Maria Martinez and Tardos, Juan D},
  journal={IEEE Transactions on Robotics},
  volume={31},
  number={5},
  pages={1147--1163},
  year={2015},
  publisher={IEEE}
}

@article{mur2017orb-slam2,
  title={ORB-SLAM2: An Open-Source SLAM System for Monocular, Stereo, and RGB-D Cameras},
  author={Mur-Artal, Ra{\'u}l and Tard{\'o}s, Juan D},
  journal={IEEE Transactions on Robotics},
  year={2017},
  publisher={IEEE}
}

@inproceedings{engel2014lsd-slam,
  title={LSD-SLAM: Large-scale direct monocular SLAM},
  author={Engel, Jakob and Sch{\"o}ps, Thomas and Cremers, Daniel},
  booktitle={European Conference on Computer Vision},
  pages={834--849},
  year={2014},
  organization={Springer}
}

@inproceedings{kretzschmar2011graph-pruninig,
  title={Efficient information-theoretic graph pruning for graph-based SLAM with laser range finders},
  author={Kretzschmar, Henrik and Stachniss, Cyrill and Grisetti, Giorgio},
  booktitle={Intelligent Robots and Systems (IROS), 2011 IEEE/RSJ International Conference on},
  pages={865--871},
  year={2011},
  organization={IEEE}
}

@inproceedings{huang2013consistent,
  title={Consistent sparsification for graph optimization},
  author={Huang, Guoquan and Kaess, Michael and Leonard, John J},
  booktitle={Mobile Robots (ECMR), 2013 European Conference on},
  pages={150--157},
  year={2013},
  organization={IEEE}
}

@inproceedings{ni-dallaert2010nested-dissections,
  title={Multi-level submap based slam using nested dissection},
  author={Ni, Kai and Dellaert, Frank},
  booktitle={Intelligent Robots and Systems (IROS), 2010 IEEE/RSJ International Conference on},
  pages={2558--2565},
  year={2010},
  organization={IEEE}
}

@inproceedings{ni-dallaert2007tectonicSAM,
  title={Tectonic SAM: Exact, out-of-core, submap-based SLAM},
  author={Ni, Kai and Steedly, Drew and Dellaert, Frank},
  booktitle={Robotics and Automation, 2007 IEEE International Conference on},
  pages={1678--1685},
  year={2007},
  organization={IEEE}
}

@inproceedings{grisetti2010hogman,
  title={Hierarchical optimization on manifolds for online 2D and 3D mapping},
  author={Grisetti, Giorgio and K{\"u}mmerle, Rainer and Stachniss, Cyrill and Frese, Udo and Hertzberg, Christoph},
  booktitle={Robotics and Automation (ICRA), 2010 IEEE International Conference on},
  pages={273--278},
  year={2010},
  organization={IEEE}
}

@inproceedings{cunningham2013ddfSAM2,
  title={DDF-SAM 2.0: Consistent distributed smoothing and mapping},
  author={Cunningham, Alexander and Indelman, Vadim and Dellaert, Frank},
  booktitle={Robotics and Automation (ICRA), 2013 IEEE International Conference on},
  pages={5220--5227},
  year={2013},
  organization={IEEE}
}

@inproceedings{lazaro2013mr-slam,
  title={Multi-robot SLAM using condensed measurements},
  author={Lazaro, Maria Teresa and Paz, Lina Mar{\'\i}a and Pinies, Pedro and Castellanos, Jose A and Grisetti, Giorgio},
  booktitle={Intelligent Robots and Systems (IROS), 2013 IEEE/RSJ International Conference on},
  pages={1069--1076},
  year={2013},
  organization={IEEE}
}

@inproceedings{wolcott2014map-adaptation,
  title={Visual localization within LIDAR maps for automated urban driving},
  author={Wolcott, Ryan W and Eustice, Ryan M},
  booktitle={Intelligent Robots and Systems (IROS 2014), 2014 IEEE/RSJ International Conference on},
  pages={176--183},
  year={2014},
  organization={IEEE}
}

@inproceedings{grisetti2012condensed-m,
  title={Robust optimization of factor graphs by using condensed measurements},
  author={Grisetti, Giorgio and K{\"u}mmerle, Rainer and Ni, Kai},
  booktitle={Intelligent Robots and Systems (IROS), 2012 IEEE/RSJ International Conference on},
  pages={581--588},
  year={2012},
  organization={IEEE}
}

@inproceedings{lynen2015getoutofmylab,
  title={Get Out of My Lab: Large-scale, Real-Time Visual-Inertial Localization.},
  author={Lynen, Simon and Sattler, Torsten and Bosse, Michael and Hesch, Joel A and Pollefeys, Marc and Siegwart, Roland},
  booktitle={Robotics: Science and Systems},
  year={2015}
}

@inproceedings{krizhevsky2012alexnet,
  title={Imagenet classification with deep convolutional neural networks},
  author={Krizhevsky, Alex and Sutskever, Ilya and Hinton, Geoffrey E},
  booktitle={Advances in neural information processing systems},
  pages={1097--1105},
  year={2012}
}

@inproceedings{maturana2015voxnet,
  title={Voxnet: A 3d convolutional neural network for real-time object recognition},
  author={Maturana, Daniel and Scherer, Sebastian},
  booktitle={Intelligent Robots and Systems (IROS), 2015 IEEE/RSJ International Conference on},
  pages={922--928},
  year={2015},
  organization={IEEE}
}










